<?xml version="1.0" encoding="UTF-8"?><collection xmlns="http://www.loc.gov/MARC21/slim"><record><leader>00532nam--2200181-i-4500</leader><controlfield tag="001">000022091</controlfield><controlfield tag="002">20161230</controlfield><controlfield tag="005">20161230201034</controlfield><controlfield tag="008">060222s1000------------r-----000-0-eng-d</controlfield><datafield ind1=" " ind2=" " tag="040"><subfield code="a">IFIN-HH</subfield></datafield><datafield ind1=" " ind2=" " tag="080"><subfield code="a">535-1</subfield></datafield><datafield ind1="1" ind2=" " tag="100"><subfield code="a">Holter, M.R</subfield></datafield><datafield ind1="1" ind2="0" tag="245"><subfield code="a">Fundamentals of infrared technology</subfield><subfield code="c">M.r. holter, sol nudelman, gwynn h. suits, william l. wolfe, george j. zissis</subfield></datafield><datafield ind1=" " ind2=" " tag="260"><subfield code="a">New York</subfield><subfield code="b">The Macmillan Company</subfield><subfield code="c">1962</subfield></datafield><datafield ind1=" " ind2=" " tag="300"><subfield code="a">XV + 442P</subfield></datafield><datafield ind1="1" ind2=" " tag="700"><subfield code="a">Zissis, George J</subfield></datafield><datafield ind1=" " ind2=" " tag="852"><subfield code="a">18321</subfield><subfield code="c">535</subfield></datafield><datafield ind1=" " ind2=" " tag="CAT"><subfield code="a">Sys</subfield><subfield code="c">20101022</subfield><subfield code="h">122801</subfield></datafield></record></collection>